<Document xmlns="urn:iso:std:iso:20022:tech:xsd:camt.054.001.02" xmlns:xsi="http://www.w3.org/2001/XMLSchema-instance=">
<BkToCstmrDbtCdtNtfctn>
<GrpHdr>
<MsgId>CAMT21361020120815004</MsgId>
<CreDtTm>2012-09-24T11:25:19</CreDtTm>
<AddtlInf>/CRED/</AddtlInf>
</GrpHdr>
<Ntfctn>
<Id>55667788992012081500001</Id>
<CreDtTm>2012-09-24T11:25:19</CreDtTm>
<Acct>
<Id>
<Othr>
<Id>123456789</Id>
<SchmeNm>
<Cd>BBAN</Cd>
</SchmeNm>
</Othr>
</Id>
<Ccy>SEK</Ccy>
<Ownr>
<Id>
<OrgId>
<Othr>
<Id>5566778899</Id>
<SchmeNm>
<Cd>BANK</Cd>
</SchmeNm>
</Othr>
</OrgId>
</Id>
</Ownr>
<Svcr>
<FinInstnId>
<BIC>HANDSESS</BIC>
<ClrSysMmbId>
<ClrSysId>
<Cd>SESBA</Cd>
</ClrSysId>
<MmbId>6000</MmbId>
</ClrSysMmbId>
</FinInstnId>
</Svcr>
</Acct>
<TxsSummry>
<TtlNtries>
<NbOfNtries>4</NbOfNtries>
<Sum>4602967.56</Sum>
<CdtDbtInd>CRDT</CdtDbtInd>
</TtlNtries>
</TxsSummry>
<Ntry>
<NtryRef>5566778899201208150000200001</NtryRef>
<Amt Ccy="SEK">4525203</Amt>
<CdtDbtInd>CRDT</CdtDbtInd>
<Sts>BOOK</Sts>
<ValDt>
<Dt>2012-08-15</Dt>
</ValDt>
<AcctSvcrRef>27957413</AcctSvcrRef>
<BkTxCd>
<Domn>
<Cd>PMNT</Cd>
<Fmly>
<Cd>RCDT</Cd>
<SubFmlyCd>XBCT</SubFmlyCd>
</Fmly>
</Domn>
</BkTxCd>
<NtryDtls>
<TxDtls>
<AmtDtls>
<InstdAmt>
<Amt Ccy="SEK">4525203</Amt>
</InstdAmt>
<TxAmt>
<Amt Ccy="SEK">4525203</Amt>
</TxAmt>
<PrtryAmt>
<Tp>IBS</Tp>
<Amt Ccy="SEK">4525203</Amt>
</PrtryAmt>
</AmtDtls>
<RltdPties>
<Dbtr>
<Nm>DEBTOR IN NORWAY</Nm>
<PstlAdr>
<AdrLine>POSTBOKS LYSAKER</AdrLine>
</PstlAdr>
</Dbtr>
<Cdtr>
<Nm>CREDITOR NAME</Nm>
<PstlAdr>
<AdrLine>CREDITOR STREET</AdrLine>
<AdrLine>123 45 CREDITOR TOWN</AdrLine>
</PstlAdr>
</Cdtr>
</RltdPties>
<RltdAgts>
<DbtrAgt>
<FinInstnId>
<BIC>ESSENOKX</BIC>
<Nm>SKANDINAVISKA ENSKILDA BANKEN AB</Nm>
</FinInstnId>
</DbtrAgt>
<CdtrAgt>
<FinInstnId>
<BIC>HANDSESS</BIC>
<ClrSysMmbId>
<ClrSysId>
<Cd>SESBA</Cd>
</ClrSysId>
<MmbId>6000</MmbId>
</ClrSysMmbId>
</FinInstnId>
</CdtrAgt>
</RltdAgts>
<RmtInf>
<Ustrd>INVOICE 7077538 , 7077539</Ustrd>
</RmtInf>
</TxDtls>
</NtryDtls>
</Ntry>
<Ntry>
<NtryRef>5566778899201208150000200002</NtryRef>
<Amt Ccy="SEK">133.56</Amt>
<CdtDbtInd>CRDT</CdtDbtInd>
<Sts>BOOK</Sts>
<ValDt>
<Dt>2012-08-17</Dt>
</ValDt>
<AcctSvcrRef>27968444</AcctSvcrRef>
<BkTxCd>
<Domn>
<Cd>PMNT</Cd>
<Fmly>
<Cd>RCDT</Cd>
<SubFmlyCd>XBCT</SubFmlyCd>
</Fmly>
</Domn>
</BkTxCd>
<NtryDtls>
<TxDtls>
<AmtDtls>
<InstdAmt>
<Amt Ccy="DKK">121</Amt>
</InstdAmt>
<TxAmt>
<Amt Ccy="SEK">133.56</Amt>
<CcyXchg>
<SrcCcy>DKK</SrcCcy>
<TrgtCcy>SEK</TrgtCcy>
<UnitCcy>DKK</UnitCcy>
<XchgRate>1.1038</XchgRate>
</CcyXchg>
</TxAmt>
<CntrValAmt>
<Amt Ccy="SEK">133.56</Amt>
</CntrValAmt>
<PrtryAmt>
<Tp>IBS</Tp>
<Amt Ccy="DKK">121</Amt>
</PrtryAmt>
</AmtDtls>
<RltdPties>
<Dbtr>
<Nm>DEBTOR DENMARK A/S</Nm>
<PstlAdr>
<AdrLine>DEBTOR ROAD 366</AdrLine>
</PstlAdr>
</Dbtr>
<Cdtr>
<Nm>CREDITOR NAME</Nm>
<PstlAdr>
<AdrLine>CREDITOR STREET</AdrLine>
<AdrLine>123 45 CREDITOR TOWN</AdrLine>
</PstlAdr>
</Cdtr>
</RltdPties>
<RltdAgts>
<DbtrAgt>
<FinInstnId>
<BIC>DABADKKK</BIC>
<Nm>DANSKE BANK A/S</Nm>
</FinInstnId>
</DbtrAgt>
<CdtrAgt>
<FinInstnId>
<BIC>HANDSESS</BIC>
<ClrSysMmbId>
<ClrSysId>
<Cd>SESBA</Cd>
</ClrSysId>
<MmbId>6000</MmbId>
</ClrSysMmbId>
</FinInstnId>
</CdtrAgt>
</RltdAgts>
<RmtInf>
<Ustrd>INVOICE 7077370</Ustrd>
</RmtInf>
</TxDtls>
</NtryDtls>
</Ntry>
<Ntry>
<NtryRef>5566778899201208150000200003</NtryRef>
<Amt Ccy="SEK">46381</Amt>
<CdtDbtInd>CRDT</CdtDbtInd>
<Sts>BOOK</Sts>
<BookgDt>
<Dt>2012-08-15</Dt>
</BookgDt>
<AcctSvcrRef> 00062</AcctSvcrRef>
<BkTxCd>
<Domn>
<Cd>PMNT</Cd>
<Fmly>
<Cd>RCDT</Cd>
<SubFmlyCd>DMCT</SubFmlyCd>
</Fmly>
</Domn>
</BkTxCd>
<NtryDtls>
<Btch>
<NbOfTxs>2</NbOfTxs>
<TtlAmt Ccy="SEK">46381</TtlAmt>
<CdtDbtInd>CRDT</CdtDbtInd>
</Btch>
<TxDtls>
<Refs>
<ClrSysRef>492950069860</ClrSysRef>
</Refs>
<AmtDtls>
<InstdAmt>
<Amt Ccy="SEK">42500</Amt>
</InstdAmt>
<TxAmt>
<Amt Ccy="SEK">42500</Amt>
</TxAmt>
</AmtDtls>
<RltdPties>
<Dbtr>
<Nm>DEBTOR AB</Nm>
<PstlAdr>
<PstCd>200 00</PstCd>
<TwnNm>MALMO</TwnNm>
<AdrLine>BOX 1</AdrLine>
</PstlAdr>
</Dbtr>
<CdtrAcct>
<Id>
<Othr>
<Id>9998888</Id>
<SchmeNm>
<Prtry>BGNR</Prtry>
</SchmeNm>
</Othr>
</Id>
</CdtrAcct>
</RltdPties>
<RltdAgts>
<CdtrAgt>
<FinInstnId>
<BIC>HANDSESS</BIC>
<ClrSysMmbId>
<ClrSysId>
<Cd>SESBA</Cd>
</ClrSysId>
<MmbId>6000</MmbId>
</ClrSysMmbId>
</FinInstnId>
</CdtrAgt>
</RltdAgts>
<RmtInf>
<Strd>
<RfrdDocInf>
<Tp>
<CdOrPrtry>
<Cd>CINV</Cd>
</CdOrPrtry>
</Tp>
<Nb>7077982</Nb>
</RfrdDocInf>
<RfrdDocAmt>
<RmtdAmt Ccy="SEK">42500</RmtdAmt>
</RfrdDocAmt>
</Strd>
</RmtInf>
</TxDtls>
<TxDtls>
<Refs>
<ClrSysRef>492950030649</ClrSysRef>
</Refs>
<AmtDtls>
<InstdAmt>
<Amt Ccy="SEK">3881</Amt>
</InstdAmt>
<TxAmt>
<Amt Ccy="SEK">3881</Amt>
</TxAmt>
</AmtDtls>
<RltdPties>
<Dbtr>
<Nm>DEBTOR 2 AB</Nm>
<PstlAdr>
<StrtNm>VAGEN 1</StrtNm>
<PstCd>90000</PstCd>
<TwnNm>BODEN</TwnNm>
</PstlAdr>
</Dbtr>
<DbtrAcct>
<Id>
<Othr>
<Id>55554444</Id>
<SchmeNm>
<Prtry>BGNR</Prtry>
</SchmeNm>
</Othr>
</Id>
</DbtrAcct>
<CdtrAcct>
<Id>
<Othr>
<Id>9998888</Id>
<SchmeNm>
<Prtry>BGNR</Prtry>
</SchmeNm>
</Othr>
</Id>
</CdtrAcct>
</RltdPties>
<RltdAgts>
<CdtrAgt>
<FinInstnId>
<BIC>HANDSESS</BIC>
<ClrSysMmbId>
<ClrSysId>
<Cd>SESBA</Cd>
</ClrSysId>
<MmbId>6000</MmbId>
</ClrSysMmbId>
</FinInstnId>
</CdtrAgt>
</RltdAgts>
<RmtInf>
<Strd>
<RfrdDocInf>
<Tp>
<CdOrPrtry>
<Cd>CINV</Cd>
</CdOrPrtry>
</Tp>
<Nb>7078214 5006740</Nb>
</RfrdDocInf>
<RfrdDocAmt>
<RmtdAmt Ccy="SEK">3881</RmtdAmt>
</RfrdDocAmt>
</Strd>
</RmtInf>
</TxDtls>
</NtryDtls>
</Ntry>
<Ntry>
<NtryRef>5562392463201208150000200004</NtryRef>
<Amt Ccy="SEK">31250</Amt>
<CdtDbtInd>CRDT</CdtDbtInd>
<Sts>BOOK</Sts>
<BookgDt>
<Dt>2012-08-15</Dt>
</BookgDt>
<AcctSvcrRef> 00108</AcctSvcrRef>
<BkTxCd>
<Domn>
<Cd>PMNT</Cd>
<Fmly>
<Cd>RCDT</Cd>
<SubFmlyCd>DMCT</SubFmlyCd>
</Fmly>
</Domn>
</BkTxCd>
<NtryDtls>
<TxDtls>
<Refs>
<ClrSysRef>492950108394</ClrSysRef>
</Refs>
<AmtDtls>
<InstdAmt>
<Amt Ccy="SEK">31250</Amt>
</InstdAmt>
<TxAmt>
<Amt Ccy="SEK">31250</Amt>
</TxAmt>
</AmtDtls>
<RltdPties>
<Dbtr>
<Nm>DEBTOR 3 AB</Nm>
<PstlAdr>
<StrtNm>Vagen 3</StrtNm>
<PstCd>10000</PstCd>
<TwnNm>STOCKHOLM</TwnNm>
</PstlAdr>
</Dbtr>
<DbtrAcct>
<Id>
<Othr>
<Id>52222222</Id>
<SchmeNm>
<Prtry>BGNR</Prtry>
</SchmeNm>
</Othr>
</Id>
</DbtrAcct>
<CdtrAcct>
<Id>
<Othr>
<Id>1234567</Id>
<SchmeNm>
<Prtry>BGNR</Prtry>
</SchmeNm>
</Othr>
</Id>
</CdtrAcct>
</RltdPties>
<RltdAgts>
<CdtrAgt>
<FinInstnId>
<BIC>HANDSESS</BIC>
<ClrSysMmbId>
<ClrSysId>
<Cd>SESBA</Cd>
</ClrSysId>
<MmbId>6000</MmbId>
</ClrSysMmbId>
</FinInstnId>
</CdtrAgt>
</RltdAgts>
<RmtInf>
<Strd>
<RfrdDocInf>
<Tp>
<CdOrPrtry>
<Cd>CINV</Cd>
</CdOrPrtry>
</Tp>
<Nb>7078231</Nb>
</RfrdDocInf>
<RfrdDocAmt>
<RmtdAmt Ccy="SEK">31250</RmtdAmt>
</RfrdDocAmt>
</Strd>
</RmtInf>
</TxDtls>
</NtryDtls>
</Ntry>
</Ntfctn>
</BkToCstmrDbtCdtNtfctn>
</Document>
<Document xmlns="urn:iso:std:iso:20022:tech:xsd:pain.008.001.02" xmlns:xsi="http://www.w3.org/2001/XMLSchema-instance">
<CstmrDrctDbtInitn>
<GrpHdr>
<MsgId>Message 9 200131106</MsgId>
<CreDtTm>2013-10-08T12:57:52</CreDtTm>
<NbOfTxs>2</NbOfTxs>
<CtrlSum>0.30</CtrlSum>
<InitgPty>
<Nm>PILOTFORETAG B</Nm>
<Id>
<OrgId>
<Othr>
<Id>3321251633</Id>
<SchmeNm>
<Cd>BANK</Cd>
</SchmeNm>
</Othr>
</OrgId>
</Id>
</InitgPty>
</GrpHdr>
<PmtInf>
<PmtInfId>SEND PAYMENT VER 009</PmtInfId>
<PmtMtd>DD</PmtMtd>
<BtchBookg>true</BtchBookg>
<NbOfTxs>2</NbOfTxs>
<CtrlSum>0.30</CtrlSum>
<PmtTpInf>
<SvcLvl>
<Cd>SEPA</Cd>
</SvcLvl>
<LclInstrm>
<Cd>B2B</Cd>
</LclInstrm>
<SeqTp>RCUR</SeqTp>
</PmtTpInf>
<ReqdColltnDt>2013-11-08</ReqdColltnDt>
<Cdtr>
<Nm>PILOTFORETAG B</Nm>
<PstlAdr>
<Ctry>DE</Ctry>
</PstlAdr>
</Cdtr>
<CdtrAcct>
<Id>
<IBAN>NL58HAND0718128982</IBAN>
</Id>
</CdtrAcct>
<CdtrAgt>
<FinInstnId>
<BIC>HANDNL2A</BIC>
</FinInstnId>
</CdtrAgt>
<CdtrSchmeId>
<Id>
<PrvtId>
<Othr>
<Id>SE92ZZZ3321251633</Id>
<SchmeNm>
<Prtry>SEPA</Prtry>
</SchmeNm>
</Othr>
</PrvtId>
</Id>
</CdtrSchmeId>
<DrctDbtTxInf>
<PmtId>
<EndToEndId>BMO1 SEND PROD VER 10 1106</EndToEndId>
</PmtId>
<InstdAmt Ccy="EUR">0.20</InstdAmt>
<ChrgBr>SLEV</ChrgBr>
<DrctDbtTx>
<MndtRltdInf>
<MndtId>PRODVER8</MndtId>
<DtOfSgntr>2011-10-01</DtOfSgntr>
</MndtRltdInf>
</DrctDbtTx>
<DbtrAgt>
<FinInstnId>
<BIC>HANDDEFF</BIC>
</FinInstnId>
</DbtrAgt>
<Dbtr>
<Nm>Pilot B</Nm>
<PstlAdr>
<Ctry>NL</Ctry>
</PstlAdr>
<Id>
<OrgId>
<Othr>
<Id>3321251633</Id>
<SchmeNm>
<Cd>CUST</Cd>
</SchmeNm>
</Othr>
</OrgId>
</Id>
</Dbtr>
<DbtrAcct>
<Id>
<IBAN>DE50514206000011350044</IBAN>
</Id>
</DbtrAcct>
<RmtInf>
<Ustrd>Invoice 1</Ustrd>
</RmtInf>
</DrctDbtTxInf>
<DrctDbtTxInf>
<PmtId>
<EndToEndId>BMO2 SEND PROD VER 11 1106</EndToEndId>
</PmtId>
<InstdAmt Ccy="EUR">0.10</InstdAmt>
<ChrgBr>SLEV</ChrgBr>
<DrctDbtTx>
<MndtRltdInf>
<MndtId>PRODVER9</MndtId>
<DtOfSgntr>2011-10-01</DtOfSgntr>
</MndtRltdInf>
</DrctDbtTx>
<DbtrAgt>
<FinInstnId>
<BIC>HANDDEFF</BIC>
</FinInstnId>
</DbtrAgt>
<Dbtr>
<Nm>PILOT B</Nm>
<PstlAdr>
<Ctry>DE</Ctry>
</PstlAdr>
<Id>
<OrgId>
<Othr>
<Id>5567578793</Id>
<SchmeNm>
<Cd>CUST</Cd>
</SchmeNm>
</Othr>
</OrgId>
</Id>
</Dbtr>
<DbtrAcct>
<Id>
<IBAN>DE84514206000011350014</IBAN>
</Id>
</DbtrAcct>
<RmtInf>
<Ustrd>Invoice 2</Ustrd>
</RmtInf>
</DrctDbtTxInf>
</PmtInf>
</CstmrDrctDbtInitn>
</Document>
<Document xmlns="urn:iso:std:iso:20022:tech:xsd:camt.052.001.02" xmlns:xsi="http://www.w3.org/2001/XMLSchema-instance" xsi:schemaLocation="urn:iso:std:iso:20022:tech:xsd:camt.052.001.02 C:\DOCUME~1\Schema\camt.052.001.02.xsd">
<BkToCstmrAcctRpt>
<GrpHdr>
<MsgId>CAMT0800152013102400001</MsgId>
<CreDtTm>2013-10-24T08:27:37</CreDtTm>
</GrpHdr>
<Rpt>
<Id>2013102400001</Id>
<ElctrncSeqNb>201302051</ElctrncSeqNb>
<CreDtTm>2013-10-24T08:27:37</CreDtTm>
<Acct>
<Id>
<Othr>
<Id>123456789</Id>
<SchmeNm>
<Cd>BBAN</Cd>
</SchmeNm>
</Othr>
</Id>
<Ccy>SEK</Ccy>
<Ownr>
<Id>
<OrgId>
<Othr>
<Id>5566778899</Id>
<SchmeNm>
<Cd>BANK</Cd>
</SchmeNm>
</Othr>
</OrgId>
</Id>
</Ownr>
<Svcr>
<FinInstnId>
<BIC>HANDSESS</BIC>
</FinInstnId>
</Svcr>
</Acct>
<TxsSummry>
<TtlCdtNtries>
<NbOfNtries>2</NbOfNtries>
<Sum>415710</Sum>
</TtlCdtNtries>
<TtlDbtNtries>
<NbOfNtries>2</NbOfNtries>
<Sum>5567.83</Sum>
</TtlDbtNtries>
</TxsSummry>
<Ntry>
<NtryRef>201310240000100001</NtryRef>
<Amt Ccy="SEK">65710</Amt>
<CdtDbtInd>CRDT</CdtDbtInd>
<Sts>BOOK</Sts>
<BookgDt>
<Dt>2013-10-24</Dt>
</BookgDt>
<ValDt>
<Dt>2013-10-24</Dt>
</ValDt>
<BkTxCd>
<Domn>
<Cd>PMNT</Cd>
<Fmly>
<Cd>RCDT</Cd>
<SubFmlyCd>XBCT</SubFmlyCd>
</Fmly>
</Domn>
</BkTxCd>
<NtryDtls>
<TxDtls>
<Refs>
<Prtry>
<Tp>OTHR</Tp>
<Ref>60010 ABOL</Ref>
</Prtry>
</Refs>
</TxDtls>
</NtryDtls>
<AddtlNtryInf>293332166421</AddtlNtryInf>
</Ntry>
<Ntry>
<NtryRef>201310240000100002</NtryRef>
<Amt Ccy="SEK">350000</Amt>
<CdtDbtInd>CRDT</CdtDbtInd>
<Sts>BOOK</Sts>
<BookgDt>
<Dt>2013-10-24</Dt>
</BookgDt>
<ValDt>
<Dt>2013-10-24</Dt>
</ValDt>
<BkTxCd>
<Domn>
<Cd>PMNT</Cd>
<Fmly>
<Cd>RCDT</Cd>
<SubFmlyCd>DMCT</SubFmlyCd>
</Fmly>
</Domn>
</BkTxCd>
<NtryDtls>
<TxDtls>
<Refs>
<Prtry>
<Tp>OTHR</Tp>
<Ref>6091 BGINB</Ref>
</Prtry>
</Refs>
</TxDtls>
</NtryDtls>
<AddtlNtryInf>777 8888 00123</AddtlNtryInf>
</Ntry>
<Ntry>
<NtryRef>20131024000010003</NtryRef>
<Amt Ccy="SEK">4837.61</Amt>
<CdtDbtInd>DBIT</CdtDbtInd>
<Sts>BOOK</Sts>
<BookgDt>
<Dt>2013-10-24</Dt>
</BookgDt>
<ValDt>
<Dt>2013-10-24</Dt>
</ValDt>
<BkTxCd>
<Domn>
<Cd>PMNT</Cd>
<Fmly>
<Cd>MDOP</Cd>
<SubFmlyCd>NTAV</SubFmlyCd>
</Fmly>
</Domn>
</BkTxCd>
<NtryDtls>
<TxDtls>
<Refs>
<Prtry>
<Tp>OTHR</Tp>
<Ref>6001 IT-A06</Ref>
</Prtry>
</Refs>
</TxDtls>
</NtryDtls>
<AddtlNtryInf>63121801234567</AddtlNtryInf>
</Ntry>
<Ntry>
<NtryRef>20131024000010004</NtryRef>
<Amt Ccy="SEK">730.22</Amt>
<CdtDbtInd>DBIT</CdtDbtInd>
<Sts>BOOK</Sts>
<BookgDt>
<Dt>2013-10-24</Dt>
</BookgDt>
<ValDt>
<Dt>2013-10-24</Dt>
</ValDt>
<BkTxCd>
<Domn>
<Cd>PMNT</Cd>
<Fmly>
<Cd>MDOP</Cd>
<SubFmlyCd>NTAV</SubFmlyCd>
</Fmly>
</Domn>
</BkTxCd>
<NtryDtls>
<TxDtls>
<Refs>
<Prtry>
<Tp>OTHR</Tp>
<Ref>6001 IT-A06</Ref>
</Prtry>
</Refs>
</TxDtls>
</NtryDtls>
<AddtlNtryInf>AB 12345</AddtlNtryInf>
</Ntry>
</Rpt>
</BkToCstmrAcctRpt>
</Document>